@article{bouckaert10,
 author = {Bouckaert, Remco R. and Frank, Eibe and Hall, Mark A. and Holmes, Geoffrey and Pfahringer, Bernhard and Reutemann, Peter and Witten, Ian H.},
 title = {WEKA---Experiences with a Java Open-Source Project},
 journal = {J. Mach. Learn. Res.},
 issue_date = {3/1/2010},
 volume = {11},
 month = dec,
 year = {2010},
 issn = {1532-4435},
 pages = {2533--2541},
 numpages = {9},
 url = {http://dl.acm.org/citation.cfm?id=1756006.1953016},
 acmid = {1953016},
 publisher = {JMLR.org},
}

@article{tsai09,
title = "Intrusion detection by machine learning: A review ",
journal = "Expert Systems with Applications ",
volume = "36",
number = "10",
pages = "11994 - 12000",
year = "2009",
note = "",
issn = "0957-4174",
doi = "http://dx.doi.org/10.1016/j.eswa.2009.05.029",
url = "http://www.sciencedirect.com/science/article/pii/S0957417409004801",
author = "Chih-Fong Tsai and Yu-Feng Hsu and Chia-Ying Lin and Wei-Yang Lin",
keywords = "Intrusion detection",
keywords = "Machine learning",
keywords = "Hybrid classifiers",
keywords = "Ensemble classifiers "
}

@TECHREPORT{fawcett04,
    author = {Tom Fawcett},
    title = {ROC Graphs: Notes and Practical Considerations for Researchers},
    institution = {Hawlett Packard},
    year = {2004}
}

@inproceedings{ribeiro08,
 author = {Ribeiro, Marcela Xavier and Traina, Agma J. M. and Traina,Jr., Caetano},
 title = {A New Algorithm for Data Discretization and Feature Selection},
 booktitle = {Proceedings of the 2008 ACM Symposium on Applied Computing},
 series = {SAC '08},
 year = {2008},
 isbn = {978-1-59593-753-7},
 location = {Fortaleza, Ceara, Brazil},
 pages = {953--954},
 numpages = {2},
 url = {http://doi.acm.org/10.1145/1363686.1363905},
 doi = {10.1145/1363686.1363905},
 acmid = {1363905},
 publisher = {ACM},
 address = {New York, NY, USA},
 keywords = {data discretization, data pre-processing, feature selection},
} 



@inproceedings{lin12,
 author = {S.-W. Lin, K.-C. Ying, C.-Y. Lee, and Z.-J. Lee},
 title = {An intelligent algorithm with feature selection and decision
rules applied to anomaly intrusion detection},
 booktitle = {Applied Soft Computing},
 series = {SAC '08},
 year = {2012},
 isbn = {978-1-59593-753-7},
 location = {Fortaleza, Ceara, Brazil},
 pages = {953--954},
 numpages = {2},
 url = {http://doi.acm.org/10.1145/1363686.1363905},
 doi = {10.1145/1363686.1363905},
 acmid = {1363905},
 publisher = {ACM},
 address = {New York, NY, USA},
 keywords = {data discretization, data pre-processing, feature selection},
}

@inproceedings{davis11,
 author = {J. J. Davis and A. J. Clark},
 title = {Data preprocessing for anomaly based network intrusion detection: A review},
 booktitle = {Computers & Security},
 series = {SAC '08},
 year = {2011},
 isbn = {978-1-59593-753-7},
 location = {Fortaleza, Ceara, Brazil},
 pages = {953--954},
 numpages = {2},
 url = {http://doi.acm.org/10.1145/1363686.1363905},
 doi = {10.1145/1363686.1363905},
 acmid = {1363905},
 publisher = {ACM},
 address = {New York, NY, USA},
 keywords = {data discretization, data pre-processing, feature selection},
}

@inproceedings{papadonikolakis12,
 author = {M. Papadonikolakis and C.-S. Bouganis},
 title = {An intelligent algorithm with feature selection and decision
rules applied to anomaly intrusion detection},
 booktitle = {Applied Soft Computing},
 series = {SAC '08},
 year = {2011},
 isbn = {978-1-59593-753-7},
 location = {Fortaleza, Ceara, Brazil},
 pages = {953--954},
 numpages = {2},
 url = {http://doi.acm.org/10.1145/1363686.1363905},
 doi = {10.1145/1363686.1363905},
 acmid = {1363905},
 publisher = {ACM},
 address = {New York, NY, USA},
 keywords = {data discretization, data pre-processing, feature selection},
}




@INPROCEEDINGS{peddabachigari07,
    title = "Modeling intrusion detection system using hybrid intelligent systems ",
    journal = "Journal of Network and Computer Applications ",
    volume = "30",
    number = "1",
    pages = "114 - 132",
    year = "2007",
    note = "Network and Information Security: A Computational Intelligence Approach Network and Information Security: A Computational Intelligence Approach ",
    issn = "1084-8045",
    doi = "http://dx.doi.org/10.1016/j.jnca.2005.06.003",
    url = "http://www.sciencedirect.com/science/article/pii/S1084804505000445",
    author = "Sandhya Peddabachigari and Ajith Abraham and Crina Grosan and Johnson Thomas",
    keywords = "Intrusion detection system",
    keywords = "Hybrid intelligent system",
    keywords = "Decision trees",
    keywords = "Support vector machines",
    keywords = "Ensemble approach "
}



@article{li07,
    title = "An active learning based TCM-KNN algorithm for supervised network intrusion detection ",
    journal = "Computers & Security ",
    volume = "26",
    number = "7-8",
    pages = "459 - 467",
    year = "2007",
    note = "",
    issn = "0167-4048",
    doi = "http://dx.doi.org/10.1016/j.cose.2007.10.002",
    url = "http://www.sciencedirect.com/science/article/pii/S0167404807001101",
    author = "Yang Li and Li Guo",
    keywords = "Network security",
    keywords = "Intrusion detection",
    keywords = "TCM-KNN (Transductive Confidence Machines for K-Nearest Neighbors) Algorithm",
    keywords = "Machine learning",
    keywords = "Active learning "
}




@ARTICLE{parkparkkang2003,
  author={Park, S. C. and Park, M. K. and Kang, M. G.},
  journal={Signal Processing Magazine, IEEE},
  title={Super-resolution image reconstruction: a technical overview},
  year={2003},
  volume={20},
  number={3},
  pages={21-36},
  keywords={image enhancement;image reconstruction;image resolution;reviews;LR
    image acquisition;LR imaging systems;SR algorithms;SR image
      reconstruction;high-resolution image;low-resolution images;manufacturing
      technology;medical imaging;optics;resolution enhancement;satellite
      imaging;sensors;signal processing;spatial resolution;super-resolution
      image reconstruction;video applications;Biomedical optical imaging;Image
      reconstruction;Image resolution;Optical imaging;Optical sensors;Optical
      signal processing;Signal processing algorithms;Signal resolution;Spatial
      resolution;Strontium},
  doi={10.1109/MSP.2003.1203207},
  ISSN={1053-5888},}

@ARTICLE{howtobreak,
author={Baker, S. and Kanade, T.},
journal={Pattern Analysis and Machine Intelligence, IEEE Transactions on},
title={Limits on super-resolution and how to break them},
year={2002},
volume={24},
number={9},
pages={1167-1183},
keywords={Bayes methods;feature extraction;image reconstruction;optical
transfer function;RMS pixel error;data sets;frontal images;hallucination
algorithm;image formation process;local feature recognition;low resolution
input images;magnification factor;printed Roman text;reconstruction
algorithm;reconstruction constraints;smoothness prior;super-resolution
algorithm;super-resolution algorithms;super-resolution image;super-resolution
limits;Algorithm design and analysis;Image analysis;Image generation;Image
recognition;Image reconstruction;Image resolution;Image sequence
analysis;Information analysis;Reconstruction algorithms},
doi={10.1109/TPAMI.2002.1033210},
ISSN={0162-8828},}

@INPROCEEDINGS{cui2010,
author={Cui, Y. and Schuon, S. and Chan, D. and Thrun, S. and Theobalt, C.},
booktitle={Computer Vision and Pattern Recognition (CVPR), 2010 IEEE Conference
  on}, title={3D shape scanning with a time-of-flight camera},
year={2010},
volume={},
number={},
pages={1173 -1180},
keywords={3D shape scanning technology;3D superresolution method;ToF
  cameras;depth measurement;random noise;time-of-flight camera;video rate;image
    reconstruction;image sensors;object recognition;spatial variables
    measurement;},
doi={10.1109/CVPR.2010.5540082},
ISSN={1063-6919},}

@INPROCEEDINGS{cui2011,
author={Cui, Y. and Stricker, D.},
booktitle={3D Body Scanning Technologies (3DBST), Proceedings of the 2nd
  International Conference on}, title={3D body scanning with one Kinect},
year={2011},
volume={},
number={},
pages={121 -129},
keywords={},
doi={},
ISSN={},}

@INPROCEEDINGS{gevrekci,
author={Gevrekci, M. and Pakin, K.},
booktitle={Image Processing (ICIP), 2011 18th IEEE International Conference on}, title={Depth map super resolution},
year={2011},
volume={},
number={},
pages={3449 -3452},
keywords={CCD camera;POCS;ToF cameras;depth error reduction;depth map super resolution;imaging modalities;multiexposure data acquisition technique;projection onto convex set reconstruction;time of flight cameras;CCD image sensors;data acquisition;image reconstruction;image resolution;},
doi={10.1109/ICIP.2011.6116454},
ISSN={1522-4880},}

@INPROCEEDINGS{rosenbush,
   author = {{Rosenbush}, G. and {Hong}, T. and {Eastman}, R.~D.},
    title = "{Super-resolution enhancement of flash LADAR range data}",
booktitle = {Society of Photo-Optical Instrumentation Engineers (SPIE) Conference Series},
     year = 2007,
   series = {Society of Photo-Optical Instrumentation Engineers (SPIE) Conference Series},
   volume = 6736,
      doi = {10.1117/12.738212},
   adsurl = {http://adsabs.harvard.edu/abs/2007SPIE.6736E..31R},
  adsnote = {Provided by the SAO/NASA Astrophysics Data System}
}

@INPROCEEDINGS{schuon2009,
author={Schuon, S. and Theobalt, C. and Davis, J. and Thrun, S.},
booktitle={Computer Vision and Pattern Recognition, 2009. CVPR 2009. IEEE
  Conference on}, title={LidarBoost: Depth superresolution for ToF 3D shape
    scanning},
year={2009},
volume={},
number={},
pages={343 -350},
keywords={3D depth map superresolution method;ToF 3D shape scanning model;data
  quality;flash lidarBoost;geometry prior term;image resolution;optimization
    framework;random noise;static scene;computational geometry;image
    resolution;optical radar;optimisation;radar computing;radar imaging;radar
    resolution;solid modelling;},
doi={10.1109/CVPR.2009.5206804},
ISSN={1063-6919},}

@inproceedings{lukaskanade,
   author = "Lucas, B. D. and Kanade, T.",
   title = "An Iterative Image Registration Technique with an Application to
Stereo Vision (DARPA)",
   booktitle = "Proceedings of the 1981 DARPA Image Understanding Workshop",
   pages = "121-130",
   year = "1981",
}

@ARTICLE{hornschunck,
    author = {Horn, B. K. P. and Schunck, B. G.},
    journal = {Artificial Intelligence},
    volume = {17},
    year = {1981},
    pages = {185--203},
    issue = {1-3},
    doi = {10.1016/0004-3702(81)90024-2},
    masid = {697371}
}

@TECHREPORT{bakerkanade99,
    author = {Baker, S. and Kanade, T.},
    title = { Super-Resolution Optical Flow},
    institution = {},
    year = {1999}
}

@book{gonzalez,
 author = {Gonzalez, R. C. and Woods, R. E.},
 title = {Digital Image Processing (3rd Edition)},
 year = {2006},
 isbn = {013168728X},
 publisher = {Prentice-Hall, Inc.},
 address = {Upper Saddle River, NJ, USA},
} 

@INPROCEEDINGS{nds,
author={Jia, L. and Au, O.C. and Tsu, C. and Shi, Y. and Ma, R. and Zhang, H.},
booktitle={Multimedia and Expo Workshops (ICMEW), 2013 IEEE International
Conference on},
title={A diamond search windowbased adaptive search range algorithm},
year={2013},
pages={1-4},
keywords={computational complexity;maximum likelihood estimation;motion
estimation;search problems;statistical distributions;Laplace
distribution;MLE;MVD distribution;SR algorithm;computational complexity;diamond
SW based adaptive search range algorithm;diamond SW size adjustment;diamond
search window;frame level adaptive search range;maximum likelihood
estimation;model parameter estimation;motion vector difference;Complexity
theory;Diamonds;Encoding;Maximum likelihood estimation;Prediction
algorithms;Signal processing algorithms;Vectors;Diamond search window;adaptive
search range;maximum likelihood estimation;motion estimation},
doi={10.1109/ICMEW.2013.6618263},}

@article{simpleflow,
  title = {SimpleFlow: A Non-iterative, Sublinear Optical Flow Algorithm},
  journal = {Computer Graphics Forum (Eurographics 2012)},
  author = {Tao, W. M. and Bai, J. and Kohli, P. and Paris, S.},
  number = 2,
  volume = 31,
  year = 2012,
  url = {http://graphics.berkeley.edu/papers/Tao-SAN-2012-05/},
}

@incollection{farneback,
year={2003},
isbn={978-3-540-40601-3},
booktitle={Image Analysis},
volume={2749},
series={Lecture Notes in Computer Science},
editor={Bigun, Josef and Gustavsson, Tomas},
doi={10.1007/3-540-45103-X_50},
title={Two-Frame Motion Estimation Based on Polynomial Expansion},
url={http://dx.doi.org/10.1007/3-540-45103-X_50},
publisher={Springer Berlin Heidelberg},
author={Farneb{\"a}ck, G.},
pages={363-370},
language={English}
}

@null{polaktan,
author={Polatkan, G. and Blei, D. and Daubechies, I. and Carin, L. and Zhou,
M.},
journal={Pattern Analysis and Machine Intelligence, IEEE Transactions on},
title={A Bayesian Nonparametric Approach to Image Super-resolution},
year={2014},
month={},
volume={PP},
number={99},
pages={1-1},
keywords={Bayes methods;Data models;Dictionaries;Image resolution;Inference
algorithms;Signal resolution;Training},
doi={10.1109/TPAMI.2014.2321404},
ISSN={0162-8828},}

@INPROCEEDINGS{ruidoblur,
author={Liu, C. and Sun, D.},
booktitle={Computer Vision and Pattern Recognition (CVPR), 2011 IEEE Conference
on},
title={A Bayesian approach to adaptive video super resolution},
year={2011},
pages={209-216},
keywords={Bayes methods;image reconstruction;image resolution;image
sequences;video signal processing;Bayesian approach;adaptive video super
resolution;blur kernel;frequency-wise reconstruction rate;image
reconstruction;motion models;multiframe super resolution;noise level;original
high-res frames;video sequences;Estimation;Image reconstruction;Image
resolution;Kernel;Noise;Noise level;Optical imaging},
doi={10.1109/CVPR.2011.5995614},
ISSN={1063-6919},}

@ARTICLE{kernel,
author={Takeda, H. and Milanfar, P. and Protter, M. and Elad, M.},
journal={Image Processing, IEEE Transactions on},
title={Super-Resolution Without Explicit Subpixel Motion Estimation},
year={2009},
volume={18},
number={9},
pages={1958-1975},
keywords={image enhancement;image resolution;image sequences;least squares
approximations;motion estimation;video signal processing;3D local Taylor
series;3D space-time orientation;affine displacements;explicit subpixel motion
estimation;global translational;multidimensional kernel
regression;spatiotemporal upscaling;superresolution;video adaptive
enhancement;video sequences;weighted least squares problem;Denoising;frame rate
upconversion;interpolation;kernel;local polynomial;nonlinear
filter;nonparametric;regression;spatially adaptive;super-resolution},
doi={10.1109/TIP.2009.2023703},
ISSN={1057-7149},}

@INPROCEEDINGS{jianbo,
author={Lu, J. and Min, D. and Pahwa, R.S. and Do, M.N.},
booktitle={Acoustics, Speech and Signal Processing (ICASSP), 2011 IEEE
International Conference on}, title={A revisit to MRF-based depth map
super-resolution and enhancement},
year={2011},
volume={},
number={},
pages={985 -988},
keywords={MRF based approach;Markov Random field based approach;depth map
enhancement;depth map super resolution;high resolution color image;image colour
analysis;image enhancement;image resolution;},
doi={10.1109/ICASSP.2011.5946571},
ISSN={1520-6149},}

@INPROCEEDINGS{cholsu,
author={Kim, C. and Yu, H. and Yang, G.},
booktitle={Image and Signal Processing (CISP), 2011 4th International Congress
on}, title={Depth super resolution using bilateral filter},
year={2011},
volume={2},
number={},
pages={1067 -1071},
keywords={3D television;TOF camera;active 3D range sensor generation;adaptive
upsampling filter;bilateral filter;depth super resolution;full frame depth
map;high quality 3D image generation;image segmentation;range data spatial
resolution;stereo matching;time-of-flight camera;video camera resolution;video
frame rate;video sensor;adaptive filters;cameras;image enhancement;image
reconstruction;image resolution;image sampling;image sensors;},
doi={10.1109/CISP.2011.6100261},
ISSN={},}

@INPROCEEDINGS{jtf,
author={Lo, K. and Wang, Y.-C.F. and Hua, K.},
booktitle={Visual Communications and Image Processing (VCIP), 2013},
title={Joint trilateral filtering for depth map super-resolution},
year={2013},
pages={1-6},
keywords={filtering theory;image colour analysis;image resolution;RGB-D
sensors;bilateral filtering;color image;depth map super-resolution
problems;high-resolution image;joint trilateral filtering algorithm;local
gradient information;visual analysis tasks;Color;Image color analysis;Image
edge detection;Interpolation;Joints;Spatial resolution},
doi={10.1109/VCIP.2013.6706444},}

@INPROCEEDINGS{ds,
author={Zhu, C. and Lin, X. and Chau, L-P. and Ang, H-A. and Ong, C-Y.},
booktitle={Circuits and Systems, 2002. ISCAS 2002. IEEE International Symposium
on},
title={An optimized diamond search algorithm for block motion estimation},
year={2002},
month={},
volume={2},
pages={II-488-II-491 vol.2},
keywords={image sequences;motion estimation;optimisation;video signal
processing;block motion estimation;diamond region location;distortion
information;inner search;motion information;optimized diamond search
algorithm;video sequences;Distortion;Intrusion detection;Motion
estimation;Robustness;Search methods;Shape;Video sequences},
doi={10.1109/ISCAS.2002.1011031},}

@article{piramide,
  author = {Bouguet, J-Y},
  title = {Pyramidal implementation of the Lucas Kanade feature tracker},
  journal = {Intel Corporation, Microprocessor Research Labs},
  year = {2000}
}

@inproceedings{mitchell,
 author = {Mitchell, Don P. and Netravali, Arun N.},
 title = {Reconstruction Filters in Computer-graphics},
 booktitle = {Proceedings of the 15th Annual Conference on Computer Graphics
and Interactive Techniques},
 series = {SIGGRAPH '88},
 year = {1988},
 isbn = {0-89791-275-6},
 pages = {221--228},
 numpages = {8},
 url = {http://doi.acm.org/10.1145/54852.378514},
 doi = {10.1145/54852.378514},
 acmid = {378514},
 publisher = {ACM},
 address = {New York, NY, USA},
 keywords = {antialiasing, cubic filters, derivative reconstruction, filters,
reconstruction, sampling},
} 

@article{kdtree,
 author = {Bentley, J. L.},
 title = {Multidimensional Binary Search Trees Used for Associative Searching},
 journal = {Commun. ACM},
 issue_date = {Sept. 1975},
 volume = {18},
 number = {9},
 month = sep,
 year = {1975},
 issn = {0001-0782},
 pages = {509--517},
 numpages = {9},
 url = {http://doi.acm.org/10.1145/361002.361007},
 doi = {10.1145/361002.361007},
 acmid = {361007},
 publisher = {ACM},
 address = {New York, NY, USA},
 keywords = {associative retrieval, attribute, binary search trees, binary tree
insertion, information retrieval system, intersection queries, key, nearest
neighbor queries, partial match queries},
}

@INPROCEEDINGS{violajones,
    author = {Viola, P. and Jones, M.},
    title = {Robust Real-time Object Detection},
    booktitle = {International Journal of Computer Vision},
    year = {2001}
}
